%% This BibTeX bibliography file was created using BibDesk.
%% http://bibdesk.sourceforge.net/

%% Created for Colton C Grainger at 2017-01-20 07:08:11 -0600 


%% Saved with string encoding Unicode (UTF-8) 



@book{breezer2012,
	Author = {Robert A. Beezer},
	Date-Added = {2017-01-20 04:30:22 +0000},
	Date-Modified = {2017-01-20 04:39:48 +0000},
	Publisher = {Published Online},
	Title = {A First Course in Linear Algebra},
	Year = {2012}}

@book{2008elementary,
	Author = {William E. Boyce and Richard C. DiPrima},
	Date-Added = {2017-01-20 04:26:59 +0000},
	Date-Modified = {2017-01-20 13:06:21 +0000},
	Edition = {Ninth},
	Isbn = {9780470383346},
	Lccn = {2010483814},
	Publisher = {Wiley},
	Title = {Elementary Differential Equations and Boundary Value Problems},
	Url = {https://books.google.com/books?id=nYWcQgAACAAJ},
	Year = {2008},
	Bdsk-Url-1 = {https://books.google.com/books?id=nYWcQgAACAAJ}}

@book{taylor2005,
	Author = {John Robert Taylor},
	Date-Added = {2017-01-20 04:22:59 +0000},
	Date-Modified = {2017-01-20 13:05:54 +0000},
	Isbn = {9781891389221},
	Lccn = {2004054971},
	Publisher = {University Science Books},
	Title = {Classical Mechanics},
	Url = {https://books.google.com/books?id=P1kCtNr-pJsC},
	Year = {2005},
	Bdsk-Url-1 = {https://books.google.com/books?id=P1kCtNr-pJsC}}

@book{rosoff2016,
	Author = {Dave Rosoff},
	Date-Added = {2017-01-20 04:14:59 +0000},
	Date-Modified = {2017-01-20 04:19:25 +0000},
	Note = {adapted from notes by Michael Starbird},
	Publisher = {Personally distributed},
	Title = {Course Notes on Elementary Topology},
	Year = {2016}}

@article{clark2007,
	Author = {David M. Clark},
	Date-Added = {2017-01-20 04:12:26 +0000},
	Date-Modified = {2017-01-20 04:14:41 +0000},
	Journal = {Journal of Inquiry Based Learning in Mathematics},
	Month = {April},
	Number = {No. 3},
	Title = {Theory of Groups},
	Year = {2007}}

@book{boyer2011,
	Author = {Carl B. Boyer and Uta C. Merzbach},
	Date-Added = {2017-01-20 03:51:53 +0000},
	Date-Modified = {2017-01-20 13:05:43 +0000},
	Isbn = {9780470630563},
	Lccn = {2010003424},
	Publisher = {Wiley},
	Title = {A History of Mathematics},
	Url = {https://books.google.com/books?id=bR9HAAAAQBAJ},
	Year = {2011},
	Bdsk-Url-1 = {https://books.google.com/books?id=bR9HAAAAQBAJ}}

@book{schroeder2000,
	Author = {Daniel V. Schroeder},
	Date-Added = {2017-01-20 03:48:53 +0000},
	Date-Modified = {2017-01-20 13:05:49 +0000},
	Isbn = {9780201380279},
	Lccn = {99031696},
	Publisher = {Addison Wesley},
	Title = {An Introduction to Thermal Physics},
	Url = {https://books.google.com/books?id=1gosQgAACAAJ},
	Year = {2000},
	Bdsk-Url-1 = {https://books.google.com/books?id=1gosQgAACAAJ}}

@book{abbott2015,
	Author = {Stephen Abbott},
	Date-Added = {2017-01-20 03:40:45 +0000},
	Date-Modified = {2017-01-20 13:07:16 +0000},
	Isbn = {9781493927128},
	Publisher = {Springer New York},
	Series = {Undergraduate Texts in Mathematics},
	Title = {Understanding Analysis},
	Url = {https://books.google.com/books?id=p1t1CQAAQBAJ},
	Year = {2015},
	Bdsk-Url-1 = {https://books.google.com/books?id=p1t1CQAAQBAJ}}

@book{kuga1993,
	Author = {Michio Kuga},
	Date-Added = {2017-01-20 03:29:26 +0000},
	Date-Modified = {2017-01-20 13:06:38 +0000},
	Isbn = {9780817636883},
	Lccn = {lc92041486},
	Publisher = {Birkh{\"a}user Boston},
	Title = {Galois' Dream: Group Theory and Differential Equations: Group Theory and Differential Equations},
	Url = {https://books.google.com/books?id=0ZscnWk8kk8C},
	Year = {1993},
	Bdsk-Url-1 = {https://books.google.com/books?id=0ZscnWk8kk8C}}

@book{griffiths1999,
	Author = {David Jeffery Griffiths},
	Date-Added = {2017-01-20 03:28:16 +0000},
	Date-Modified = {2017-01-20 13:06:59 +0000},
	Edition = {Third},
	Isbn = {9780138053260},
	Lccn = {98050525},
	Publisher = {Prentice Hall},
	Title = {Introduction to Electrodynamics},
	Url = {https://books.google.com/books?id=M8XvAAAAMAAJ},
	Year = {1999},
	Bdsk-Url-1 = {https://books.google.com/books?id=M8XvAAAAMAAJ}}

@book{hitchman2009,
	Author = {Michael P. Hitchman},
	Date-Modified = {2017-01-20 13:06:45 +0000},
	Isbn = {9780763754570},
	Lccn = {2008038313},
	Publisher = {Jones and Bartlett Publishers},
	Title = {Geometry with an Introduction to Cosmic Topology},
	Url = {https://books.google.com/books?id=yveG5B1few4C},
	Year = {2009},
	Bdsk-Url-1 = {https://books.google.com/books?id=yveG5B1few4C}}

@book{shier1999,
  title={Applied Mathematical Modeling: A Multidisciplinary Approach},
  author={Douglas R. Shier and K.T. Wallenius},
  isbn={9781420050042},
  lccn={99050198},
  series={Discrete Mathematics and Its Applications},
  url={https://books.google.com/books?id=kYZ8dXdgsloC},
  year={1999},
  publisher={CRC Press}
}

@book{farlow1993,
  title={Partial Differential Equations for Scientists and Engineers},
  author={Stanley J. Farlow},
  isbn={9780486676203},
  lccn={93004556},
  series={Dover books on advanced mathematics},
  url={https://books.google.com/books?id=DLUYeSb49eAC},
  year={1993},
  publisher={Dover Publications}
}

@book{beck2014,
  title={A First Course in Complex Analysis},
  author={Matthias Beck and Gerald Marchesi and Dennis Pixton and Lucas Sabalka},
  isbn={9780989897556},
  url={https://books.google.com/books?id=g1ParQEACAAJ},
  year={2014},
  publisher={Orthogonal Publishing L3c}
}

@book{griffiths2005,
  title={Introduction to Quantum Mechanics},
  author={David Jeffery Griffiths},
  isbn={9780131118928},
  lccn={2003027110},
  series={Pearson international edition},
  url={https://books.google.com/books?id=-BsvAQAAIAAJ},
  year={2005},
  publisher={Pearson Prentice Hall}
}


